<?xml version="1.0" encoding="utf-8"?>
<record xmlns="http://www.loc.gov/MARC21/slim" xmlns:xsi="http://www.w3.org/2001/XMLSchema-instance" xsi:schemaLocation="http://www.loc.gov/MARC21/slim http://www.loc.gov/standards/marcxml/schema/MARC21slim.xsd">
	<leader>     nam a22     Mi 4500</leader>
	<controlfield tag="001">b11534266</controlfield>
	<controlfield tag="003">UaCaAUL</controlfield>
	<controlfield tag="006">m        d        </controlfield>
	<controlfield tag="007">cr cn |||m|||a</controlfield>
	<controlfield tag="008">200513s1920    ua      o     001 0 ara d</controlfield>
	<datafield ind1=" " ind2=" " tag="040">
		<subfield code="a">ZYU</subfield>
		<subfield code="b">ara</subfield>
		<subfield code="e">rda</subfield>
		<subfield code="c">ZYU</subfield>
	</datafield>
	<datafield ind1=" " ind2="4" tag="050">
		<subfield code="a">PJ7755.H3</subfield>
		<subfield code="b">M3x 1920</subfield>
	</datafield>
	<datafield ind1="0" ind2=" " tag="100">
		<subfield code="6">880-01</subfield>
		<subfield code="a">Ḥarīrī,</subfield>
		<subfield code="d">1054-1122.</subfield>
	</datafield>
	<datafield ind1="1" ind2="3" tag="245">
		<subfield code="6">880-02</subfield>
		<subfield code="a">al-Maqāmāt al-adabīyah /</subfield>
		<subfield code="c">taʼlīf al-shaykh al-imām al-ʻālim al-ʻallāmah al-ḥabr al-fahhāmah al-adīb al-arīb al-mustaghnī ʻan al-taʻrīf wa-al-talqīb Abī Muḥammad al-Qāsim ibn ʻAlī ibn Muḥammad ibn ʻUthmān al-Ḥarīrī al-Baṣrī. Wa-yalīhā risālatān min inshāʼihi kataba iḥdāhumā wa-hiya al-Sīnīyah ʻalá lisān al-amīr amīn al-malik Abī al-Ḥasan ibn Quṭayr al-Madāyinī wa-kāna yatawllá Dīwān al-Istīfāʼ bi-al-Baṣrah, wa-al-thānīyah wa-hiya al-Shīnīyah ilá al-shaykh shams al-shuʻarāʼ Ṭalḥah ibn Aḥmad ibn Ṭalḥah al-Nuʻmānī. Wa-yalīhimā risālah lil-imām Abī Muḥammad ʻAbd Allāh ibn Aḥmad al-maʻrūf bi-ibn al-Khashshāb al-Baghdādī fī al-iʻtirāḍ ʻalá al-Ḥarīrī maʻa intiṣār ibn Barrī lil-Ḥarīrī.</subfield>
	</datafield>
	<datafield ind1=" " ind2="1" tag="264">
		<subfield code="6">880-03</subfield>
		<subfield code="a">Miṣr :</subfield>
		<subfield code="b">ṭubiʻ bi-Maṭbaʻat Muṣṭafá al-Bābī al-Ḥalabī wa-Awlāduh bi-Miṣr,</subfield>
		<subfield code="c">1338 H [1920]</subfield>
	</datafield>
	<datafield ind1=" " ind2=" " tag="300">
		<subfield code="a">online resource (8, 612, 92 pages)</subfield>
	</datafield>
	<datafield ind1=" " ind2=" " tag="336">
		<subfield code="a">text</subfield>
		<subfield code="2">rdacontent</subfield>
	</datafield>
	<datafield ind1=" " ind2=" " tag="337">
		<subfield code="a">computer</subfield>
		<subfield code="2">rdamedia</subfield>
	</datafield>
	<datafield ind1=" " ind2=" " tag="338">
		<subfield code="a">online resource</subfield>
		<subfield code="2">rdacarrier</subfield>
	</datafield>
	<datafield ind1=" " ind2=" " tag="500">
		<subfield code="6">880-04</subfield>
		<subfield code="a">Iltazama al-Ḥarīrī, raḥimahu Allāh an takūn kull maqāmah sādisah adabīyah wa-kull awwalī ʻashr zahdīyah wa-kull khāmisah wa-ʻāshirah hazlīyah.</subfield>
	</datafield>
	<datafield ind1=" " ind2=" " tag="500">
		<subfield code="6">880-05</subfield>
		<subfield code="a">Ṭubiʻ bi-Maṭbaʻat Muṣṭafá al-Bābī al-Ḥalabī wa-Awlāduh bi-Miṣr ʻalá nafaqat ḥaḍarāt al-shaykh Fidā Muḥammad al-Kashmīrī al-Kutubī bi-Makkah wa-al-mashāyikh abnāʼ Mawlawī Muḥammad ibn Ghulām rasūl al-Sūrtī tujjār al-kutub fī (Bambiʼ, al-Hind).</subfield>
	</datafield>
	<datafield ind1=" " ind2=" " tag="500">
		<subfield code="a">Includes index.</subfield>
	</datafield>
	<datafield ind1=" " ind2=" " tag="500">
		<subfield code="a">Decorated title page.</subfield>
	</datafield>
	<datafield ind1=" " ind2=" " tag="500">
		<subfield code="a">Part of the Arabic Collections Online (ACO) project, contributed by American University in Cairo Library.</subfield>
	</datafield>
	<datafield ind1=" " ind2=" " tag="533">
		<subfield code="a">Electronic reproduction.</subfield>
		<subfield code="b">New York, N.Y. :</subfield>
		<subfield code="c">New York University,</subfield>
		<subfield code="d">2020.</subfield>
		<subfield code="5">NNU</subfield>
	</datafield>
	<datafield ind1=" " ind2="0" tag="650">
		<subfield code="a">Maqamah.</subfield>
	</datafield>
	<datafield ind1=" " ind2="7" tag="650">
		<subfield code="a">Maqamah.</subfield>
		<subfield code="2">fast</subfield>
		<subfield code="0">(OCoLC)fst01008818</subfield>
	</datafield>
	<datafield ind1="1" ind2=" " tag="700">
		<subfield code="6">880-06</subfield>
		<subfield code="a">Ibn al-Khashshāb, ʻAbd Allāh ibn Aḥmad,</subfield>
		<subfield code="d">1098 or 1099-1171 or 1172.</subfield>
	</datafield>
	<datafield ind1="2" ind2=" " tag="710">
		<subfield code="a">American University in Cairo.</subfield>
		<subfield code="b">Library.</subfield>
	</datafield>
	<datafield ind1="0" ind2=" " tag="730">
		<subfield code="a">Arabic Collections Online.</subfield>
	</datafield>
	<datafield ind1="0" ind2="8" tag="776">
		<subfield code="i">Print version:</subfield>
		<subfield code="a">Ḥarīrī, 1054-1122.</subfield>
		<subfield code="t">al-Maqāmāt al-adabīyah</subfield>
		<subfield code="w">(UaCaAUL)b11534266</subfield>
		<subfield code="w">(OCoLC)60505818</subfield>
	</datafield>
	<datafield ind1="4" ind2="0" tag="856">
		<subfield code="u">http://hdl.handle.net/2333.1/h44j18hv</subfield>
	</datafield>
	<datafield ind1="1" ind2=" " tag="880">
		<subfield code="6">100-01</subfield>
		<subfield code="a">حريري،</subfield>
		<subfield code="d">1122-1054.</subfield>
	</datafield>
	<datafield ind1="1" ind2="2" tag="880">
		<subfield code="6">245-02</subfield>
		<subfield code="a">المقامات الأدبية /</subfield>
		<subfield code="c">تأليف الشيخ الامام العالم العلامة الحبر الفهامة الأديب الأريب المستغني عن التعريف والتلقيب أبي محمد القاسم بن علي بن محمد بن عثمان الحريري البصري. ويليها رسالتان من انشائه كتب احداهما وهي السينية على لسان الأمير أمين الملك أبي الحسن بن قطير المدايني وكان يتولى ديوان الاستيفاء بالبصرة، والثانية وهي الشينية الى الشيخ شمس الشعراء طلحة بن أحمد بن طلحة النعماني. ويليهما رسالة للامام أبى محمد عبد الله بن أحمد المعروف بابن الخشاب البغدادي في الاعتراض على الحريري مع انتصار بن بري للحريري.</subfield>
	</datafield>
	<datafield ind1=" " ind2="1" tag="880">
		<subfield code="6">264-03</subfield>
		<subfield code="a">مصر :</subfield>
		<subfield code="b">طبع بمطبعة مصطفى البابي الحلبي وأولاده بمصر،</subfield>
		<subfield code="c">1338 ه [1920]</subfield>
	</datafield>
	<datafield ind1=" " ind2=" " tag="880">
		<subfield code="6">500-04</subfield>
		<subfield code="a">التزم الحريري، رحمه الله ان تكون كل مقامة سادسة أدبية وكل أولي عشر زهدية وكل خامسة وعاشرة هزلية.</subfield>
	</datafield>
	<datafield ind1=" " ind2=" " tag="880">
		<subfield code="6">500-05</subfield>
		<subfield code="a">طبع بمطبعة مصطفى البابي الحلبي وأولاده بمصر على نفقة حضرات الشيخ فدا محمد الكشميري الكتبي بمكة والمشايخ أبناء مولوي محمد بن غلام رسول السورتي تجار الكتب في (بمبئ، الهند).</subfield>
	</datafield>
	<datafield ind1="1" ind2=" " tag="880">
		<subfield code="6">700-06</subfield>
		<subfield code="a">ابن الخشاب، عبد الله بن أحمد،</subfield>
		<subfield code="d">1098 أو 1099-1171 أو 1172.</subfield>
	</datafield>
	<datafield ind1=" " ind2=" " tag="959">
		<subfield code="a">NNU</subfield>
		<subfield code="b">WEB</subfield>
		<subfield code="c">GENI</subfield>
		<subfield code="t">0</subfield>
		<subfield code="m">Electronic access</subfield>
		<subfield code="s">01</subfield>
	</datafield>
	<datafield ind1=" " ind2=" " tag="999">
		<subfield code="i">UaCaAUL_b11534266</subfield>
		<subfield code="o">(OCoLC)ocm60505818</subfield>
		<subfield code="s">auc_aco001134:</subfield>
		<subfield code="s">auc_aco001134:</subfield>
	</datafield>
</record>
